<?xml version="1.0" encoding="utf-8"?>
<record xmlns="http://www.loc.gov/MARC21/slim" xmlns:xsi="http://www.w3.org/2001/XMLSchema-instance" xsi:schemaLocation="http://www.loc.gov/MARC21/slim http://www.loc.gov/standards/marcxml/schema/MARC21slim.xsd">
	<leader>
		04037nam a2200589   4500
	</leader>
	<controlfield tag="001">
		3233763
	</controlfield>
	<controlfield tag="003">
		NNC
	</controlfield>
	<controlfield tag="006">
		m        d        
	</controlfield>
	<controlfield tag="007">
		cr cn |||m|||a
	</controlfield>
	<controlfield tag="008">
		160223s1882    ua      o     000 0cara  
	</controlfield>
	<datafield ind1=" " ind2=" " tag="040">
		<subfield code="a">
			NNU
		</subfield>
		<subfield code="b">
			eng
		</subfield>
		<subfield code="e">
			rda
		</subfield>
		<subfield code="c">
			NNU
		</subfield>
	</datafield>
	<datafield ind1=" " ind2=" " tag="043">
		<subfield code="a">
			aw-----
		</subfield>
		<subfield code="a">
			ff-----
		</subfield>
		<subfield code="a">
			e-sp---
		</subfield>
	</datafield>
	<datafield ind1=" " ind2="4" tag="050">
		<subfield code="a">
			R144.A1
		</subfield>
		<subfield code="b">
			I2 1882
		</subfield>
	</datafield>
	<datafield ind1="0" ind2="0" tag="060">
		<subfield code="a">
			WZ 290
		</subfield>
		<subfield code="b">
			I12ub 1882
		</subfield>
	</datafield>
	<datafield ind1="1" ind2=" " tag="100">
		<subfield code="6">
			880-01
		</subfield>
		<subfield code="a">
			Ibn Abī Uṣaybiʻah, Aḥmad ibn al-Qāsim,
		</subfield>
		<subfield code="d">
			-1269 or 1270.
		</subfield>
	</datafield>
	<datafield ind1="1" ind2="0" tag="240">
		<subfield code="6">
			880-02
		</subfield>
		<subfield code="a">
			ʻUyūn al-anbāʼ fī ṭabaqāt al-aṭibbāʼ
		</subfield>
	</datafield>
	<datafield ind1="1" ind2="3" tag="245">
		<subfield code="6">
			880-03
		</subfield>
		<subfield code="a">
			Kitāb ʻuyūn al-anbāʼ fī ṭabaqāt al-aṭibbāʼ /
		</subfield>
		<subfield code="c">
			taʼlīf Muwaffiq al-Dīn Abī al-ʻAbbās Aḥmad ibn al-Qāsim ibn Khalīfah ibn Yūnus al-Saʻdī al-Khazrajī al-maʻrūf bi-Ibn Abī Uṣaybiʻah ; naqalahu min al-fasakh al-mawjūdah fī baʻḍ khazāʼin al-kutub wa-ṣaḥḥahu Umruʼ al-Qays ibn al-Ṭaḥḥān.
		</subfield>
	</datafield>
	<datafield ind1=" " ind2=" " tag="250">
		<subfield code="6">
			880-04
		</subfield>
		<subfield code="a">
			al-Ṭabʻah 1.
		</subfield>
	</datafield>
	<datafield ind1=" " ind2=" " tag="260">
		<subfield code="6">
			880-05
		</subfield>
		<subfield code="a">
			[Egypt] :
		</subfield>
		<subfield code="b">
			al-Maṭbaʻah al-Wahbīyah,
		</subfield>
		<subfield code="c">
			[1882]
		</subfield>
	</datafield>
	<datafield ind1=" " ind2=" " tag="300">
		<subfield code="a">
			online resource (2 v.)
		</subfield>
	</datafield>
	<datafield ind1=" " ind2=" " tag="336">
		<subfield code="a">
			text
		</subfield>
		<subfield code="2">
			rdacontent
		</subfield>
	</datafield>
	<datafield ind1=" " ind2=" " tag="337">
		<subfield code="a">
			computer
		</subfield>
		<subfield code="2">
			rdamedia
		</subfield>
	</datafield>
	<datafield ind1=" " ind2=" " tag="338">
		<subfield code="a">
			online resource
		</subfield>
		<subfield code="2">
			rdacarrier
		</subfield>
	</datafield>
	<datafield ind1=" " ind2=" " tag="500">
		<subfield code="a">
			NLM copy, two leaves of paper pasted to front boards of vol. 1 contain ms. notes about the text in Arabic, in 5 different colors of ink and pencil.
		</subfield>
		<subfield code="5">
			DNLM
		</subfield>
	</datafield>
	<datafield ind1=" " ind2=" " tag="500">
		<subfield code="a">
			Part of the Arabic Collections Online (ACO) project, contributed by Columbia University Libraries.
		</subfield>
	</datafield>
	<datafield ind1=" " ind2=" " tag="533">
		<subfield code="a">
			Electronic reproduction.
		</subfield>
		<subfield code="b">
			New York, N.Y. :
		</subfield>
		<subfield code="c">
			New York University,
		</subfield>
		<subfield code="d">
			2016.
		</subfield>
		<subfield code="5">
			NNU
		</subfield>
	</datafield>
	<datafield ind1=" " ind2=" " tag="561">
		<subfield code="a">
			NLM copy, bookplate of Lutfi Mustafa Saʻdi.
		</subfield>
		<subfield code="5">
			DNLM
		</subfield>
	</datafield>
	<datafield ind1="1" ind2="2" tag="650">
		<subfield code="a">
			Physicians
		</subfield>
		<subfield code="v">
			Biography.
		</subfield>
	</datafield>
	<datafield ind1="2" ind2="2" tag="650">
		<subfield code="a">
			Arab World
		</subfield>
		<subfield code="v">
			Biography.
		</subfield>
	</datafield>
	<datafield ind1="2" ind2="2" tag="650">
		<subfield code="a">
			History, Medieval
		</subfield>
		<subfield code="v">
			Biography.
		</subfield>
	</datafield>
	<datafield ind1=" " ind2="0" tag="650">
		<subfield code="a">
			Physicians
		</subfield>
		<subfield code="z">
			Islamic Empire
		</subfield>
		<subfield code="v">
			Biography
		</subfield>
		<subfield code="v">
			Early works to 1800.
		</subfield>
	</datafield>
	<datafield ind1=" " ind2="7" tag="650">
		<subfield code="a">
			Physicians.
		</subfield>
		<subfield code="2">
			fast
		</subfield>
		<subfield code="0">
			(OCoLC)fst01062841
		</subfield>
	</datafield>
	<datafield ind1=" " ind2="7" tag="651">
		<subfield code="a">
			Islamic Empire.
		</subfield>
		<subfield code="2">
			fast
		</subfield>
		<subfield code="0">
			(OCoLC)fst01244134
		</subfield>
	</datafield>
	<datafield ind1=" " ind2="7" tag="655">
		<subfield code="a">
			Biography.
		</subfield>
		<subfield code="2">
			fast
		</subfield>
		<subfield code="0">
			(OCoLC)fst01423686
		</subfield>
	</datafield>
	<datafield ind1=" " ind2="7" tag="655">
		<subfield code="a">
			Early works.
		</subfield>
		<subfield code="2">
			fast
		</subfield>
		<subfield code="0">
			(OCoLC)fst01411636
		</subfield>
	</datafield>
	<datafield ind1="1" ind2=" " tag="700">
		<subfield code="6">
			880-06
		</subfield>
		<subfield code="a">
			Ibn al-Ṭaḥḥān, ʻUmruʼ al-Qays.
		</subfield>
	</datafield>
	<datafield ind1="2" ind2=" " tag="710">
		<subfield code="a">
			Columbia University.
		</subfield>
		<subfield code="b">
			Libraries.
		</subfield>
	</datafield>
	<datafield ind1="0" ind2=" " tag="730">
		<subfield code="a">
			Arabic Collections Online.
		</subfield>
	</datafield>
	<datafield ind1="0" ind2=" " tag="740">
		<subfield code="6">
			880-07
		</subfield>
		<subfield code="a">
			ʻuyūn al-anbāʼ fī ṭabaqāt al-aṭibbāʼ 
		</subfield>
	</datafield>
	<datafield ind1="0" ind2="8" tag="776">
		<subfield code="i">
			Online version:
		</subfield>
		<subfield code="a">
			Ibn Abī Uṣaybiʻah, Aḥmad ibn al-Qāsim, -1269 or 70.
		</subfield>
		<subfield code="s">
			ʻUyūn al-anbāʼ fī ṭabaqāt al-aṭibbāʼ.
		</subfield>
		<subfield code="t">
			Āb ʻuyūn al-anbāʼ fī ṭabaqāt al-aṭibbāʼ.
		</subfield>
		<subfield code="b">
			al-Ṭabʻah 1.
		</subfield>
		<subfield code="d">
			[Egypt] : al-Maṭbaʻah al-Wahbīyah, 1882
		</subfield>
		<subfield code="w">
			(OCoLC)654244020
		</subfield>
	</datafield>
	<datafield ind1="0" ind2="8" tag="776">
		<subfield code="i">
			Print version:
		</subfield>
		<subfield code="a">
			Ibn Abī Uṣaybiʻah, Aḥmad ibn al-Qāsim, -1269 or 1270.
		</subfield>
		<subfield code="t">
			Kitāb ʻuyūn al-anbāʼ fī ṭabaqāt al-aṭibbāʼ
		</subfield>
		<subfield code="w">
			(NNC)3233763
		</subfield>
		<subfield code="w">
			(DLC)   59054779 
		</subfield>
		<subfield code="w">
			(OCoLC)50408102
		</subfield>
	</datafield>
	<datafield ind1="4" ind2="0" tag="856">
		<subfield code="u">
			http://hdl.handle.net/2333.1/d7wm3btf
		</subfield>
	</datafield>
	<datafield ind1="1" ind2=" " tag="880">
		<subfield code="6">
			100-01/r
		</subfield>
		<subfield code="a">
			‏ابن أبي أصيبعة، أحمد بن القاسم،‏
		</subfield>
		<subfield code="d">
			-1269 or 1270.
		</subfield>
	</datafield>
	<datafield ind1="1" ind2="0" tag="880">
		<subfield code="6">
			240-02/r
		</subfield>
		<subfield code="a">
			‏عيون الأنباء في طبقات الأطباء.‏
		</subfield>
	</datafield>
	<datafield ind1="1" ind2="3" tag="880">
		<subfield code="6">
			245-03/r
		</subfield>
		<subfield code="a">
			‏كتاب عيون الأنباء في طبقات الأطباء /‏
		</subfield>
		<subfield code="c">
			‏تأليف موفق الدين أبي العباس أحمد بن القاسم بن خليفة بن يونس السعدي الخزرجي المعروف بابن أبي أصيبعة ؛ نقله من النسخ الموجودة في بعض خزائن الكتب وصححه إمرؤ القيس بن الطحان.
		</subfield>
	</datafield>
	<datafield ind1=" " ind2=" " tag="880">
		<subfield code="6">
			250-04/r
		</subfield>
		<subfield code="a">
			‏الطبعة 1.
		</subfield>
	</datafield>
	<datafield ind1=" " ind2=" " tag="880">
		<subfield code="6">
			260-05/r
		</subfield>
		<subfield code="a">
			‏[مصر] :‏
		</subfield>
		<subfield code="b">
			‏المطبعة الوهبية،‏
		</subfield>
		<subfield code="c">
			‏ [1882]
		</subfield>
	</datafield>
	<datafield ind1="1" ind2=" " tag="880">
		<subfield code="6">
			700-06/r
		</subfield>
		<subfield code="a">
			ابن الطحان، امرؤ القيس.
		</subfield>
	</datafield>
	<datafield ind1="0" ind2=" " tag="880">
		<subfield code="6">
			740-07/r
		</subfield>
		<subfield code="a">
			عيون الأنباء في طبقات الأطباء.
		</subfield>
	</datafield>
	<datafield ind1=" " ind2="0" tag="880">
		<subfield code="6">
			830-00/r
		</subfield>
		<subfield code="a">
			منشورات معهد تاريخ العلوم العربية والإسلامية.
		</subfield>
		<subfield code="p">
			طب الاسلامي ؛ ;
		</subfield>
		<subfield code="v">
			1-2.
		</subfield>
	</datafield>
	<datafield ind1=" " ind2=" " tag="959">
		<subfield code="a">
			NNU
		</subfield>
		<subfield code="b">
			WEB
		</subfield>
		<subfield code="c">
			GENI
		</subfield>
		<subfield code="t">
			0
		</subfield>
		<subfield code="m">
			Electronic access
		</subfield>
		<subfield code="s">
			01
		</subfield>
	</datafield>
	<datafield ind1=" " ind2=" " tag="999">
		<subfield code="i">
			NNC_3233763
		</subfield>
		<subfield code="o">
			(OCoLC)ocm50408102
		</subfield>
		<subfield code="s">
			columbia_aco001498:v.1
		</subfield>
		<subfield code="s">
			columbia_aco001499:v.2
		</subfield>
		<subfield code="e">
			(ERROR-880)
		</subfield>
		<subfield code="s">
			columbia_aco001498:v.1
		</subfield>
		<subfield code="s">
			columbia_aco001499:v.2
		</subfield>
	</datafield>
</record>
